<?xml version="1.0" encoding="UTF-8"?><collection xmlns="http://www.loc.gov/MARC21/slim"><record><leader>00312nam--2200121-i-4500</leader><controlfield tag="001">000002710</controlfield><controlfield tag="002">20161230</controlfield><controlfield tag="005">20161230201025</controlfield><controlfield tag="008">060222s1000------------r-----000-0-eng-d</controlfield><datafield ind1=" " ind2=" " tag="100"><subfield code="a">Cockrell, W.D</subfield></datafield><datafield ind1=" " ind2=" " tag="245"><subfield code="a">Les circuits de controle electrique dans l ind ustrie</subfield></datafield><datafield ind1=" " ind2=" " tag="260"><subfield code="a">Paris, Dunod, 1953</subfield></datafield><datafield ind1=" " ind2=" " tag="490"><subfield code="a">Xvi + 334 P</subfield></datafield></record></collection>